@book {an:hg,
    AUTHOR = {Anderson, James W.},
     TITLE = {Hyperbolic geometry},
    SERIES = {Springer Undergraduate Mathematics Series},
   EDITION = {Second},
 PUBLISHER = {Springer-Verlag London, Ltd., London},
      YEAR = {2005},
     PAGES = {xii+276},
      ISBN = {1-85233-934-9},
   MRCLASS = {51-01 (30-01 30F35 30F45 51M10)},
  MRNUMBER = {2161463},
}

@book {bewe:gb,
    AUTHOR = {Becker, Thomas and Weispfenning, Volker},
     TITLE = {Gr\"obner bases},
    SERIES = {Graduate Texts in Mathematics},
    VOLUME = {141},
      NOTE = {A computational approach to commutative algebra,
              In cooperation with Heinz Kredel},
 PUBLISHER = {Springer-Verlag},
   ADDRESS = {New York},
      YEAR = {1993},
     PAGES = {xxii+574},
      ISBN = {0-387-97971-9},
   MRCLASS = {13P10 (13-01)},
  MRNUMBER = {1213453 (95e:13018)},
MRREVIEWER = {J{\"o}rgen Backelin},
       DOI = {10.1007/978-1-4612-0913-3},
       URL = {http://dx.doi.org/10.1007/978-1-4612-0913-3},
}

@book{br:amw,
    AUTHOR = {Brent, Richard P.},
     TITLE = {Algorithms for minimization without derivatives},
      NOTE = {Reprint of the 1973 original [Prentice-Hall, Inc., Englewood
              Cliffs, NJ;  MR0339493 (49 \#4251)]},
 PUBLISHER = {Dover Publications, Inc., Mineola, NY},
      YEAR = {2002},
     PAGES = {xii+195},
      ISBN = {0-486-41998-3},
   MRCLASS = {90-02 (65Kxx 90C56)},
  MRNUMBER = {1886182},
}

@misc{bu:br,
  author = {Burkardt, John},
  title = {BRENT: Algorithms for minimization without derivatives}},
  howpublished = {\url{http://people.sc.fsu.edu/~jburkardt/cpp_src/brent/brent.html}},
  note = {Accessed: 2016-02-05}
}

@incollection {cr:ecd,
    AUTHOR = {Cremona, John},
     TITLE = {The elliptic curve database for conductors to 130000},
 BOOKTITLE = {Algorithmic number theory},
    SERIES = {Lecture Notes in Comput. Sci.},
    VOLUME = {4076},
     PAGES = {11--29},
 PUBLISHER = {Springer},
   ADDRESS = {Berlin},
      YEAR = {2006},
   MRCLASS = {11G05 (11-03 11Y70)},
  MRNUMBER = {2282912 (2007k:11087)},
MRREVIEWER = {A. Peth{\H{o}}},
       DOI = {10.1007/11792086_2},
       URL = {http://dx.doi.org/10.1007/11792086_2},
}

@article {de:bgp,
    AUTHOR = {DeMeyer, F. R.},
     TITLE = {The {B}rauer group of polynomial rings},
   JOURNAL = {Pacific J. Math.},
  FJOURNAL = {Pacific Journal of Mathematics},
    VOLUME = {59},
      YEAR = {1975},
    NUMBER = {2},
     PAGES = {391--398},
      ISSN = {0030-8730},
   MRCLASS = {13A20},
  MRNUMBER = {0392971 (52 \#13784)},
MRREVIEWER = {M. Orzech},
}

@article {deka:srt,
    AUTHOR = {DeTurck, Dennis M. and Kazdan, Jerry L.},
     TITLE = {Some regularity theorems in {R}iemannian geometry},
   JOURNAL = {Ann. Sci. \'Ecole Norm. Sup. (4)},
  FJOURNAL = {Annales Scientifiques de l'\'Ecole Normale Sup\'erieure.
              Quatri\`eme S\'erie},
    VOLUME = {14},
      YEAR = {1981},
    NUMBER = {3},
     PAGES = {249--260},
      ISSN = {0012-9593},
     CODEN = {ASENAH},
   MRCLASS = {53B21},
  MRNUMBER = {644518 (83f:53018)},
MRREVIEWER = {V. W{\"u}nsch},
       URL = {http://www.numdam.org/item?id=ASENS_1981_4_14_3_249_0},
}

@book {do:cag,
    AUTHOR = {Dolgachev, Igor V.},
     TITLE = {Classical algebraic geometry},
      NOTE = {A modern view},
 PUBLISHER = {Cambridge University Press, Cambridge},
      YEAR = {2012},
     PAGES = {xii+639},
      ISBN = {978-1-107-01765-8},
   MRCLASS = {14-02 (14-01)},
  MRNUMBER = {2964027},
MRREVIEWER = {Arnaud Beauville},
       DOI = {10.1017/CBO9781139084437},
       URL = {http://dx.doi.org/10.1017/CBO9781139084437},
}

@article {du:hde,
author = {Dunavant, D. A.},
title = {High degree efficient symmetrical Gaussian quadrature rules for the triangle},
journal = {International Journal for Numerical Methods in Engineering},
volume = {21},
number = {6},
publisher = {John Wiley \& Sons, Ltd},
issn = {1097-0207},
url = {http://dx.doi.org/10.1002/nme.1620210612},
doi = {10.1002/nme.1620210612},
pages = {1129--1148},
year = {1985},
}

@book {ha:ag,
    AUTHOR = {Hartshorne, Robin},
     TITLE = {Algebraic geometry},
      NOTE = {Graduate Texts in Mathematics, No. 52},
 PUBLISHER = {Springer-Verlag, New York-Heidelberg},
      YEAR = {1977},
     PAGES = {xvi+496},
      ISBN = {0-387-90244-9},
   MRCLASS = {14-01},
  MRNUMBER = {0463157},
MRREVIEWER = {Robert Speiser},
}

@article {gr:daw,
    AUTHOR = {Greendlinger, Martin},
     TITLE = {Dehn's algorithm for the word problem},
   JOURNAL = {Comm. Pure Appl. Math.},
  FJOURNAL = {Communications on Pure and Applied Mathematics},
    VOLUME = {13},
      YEAR = {1960},
     PAGES = {67--83},
      ISSN = {0010-3640},
   MRCLASS = {20.10},
  MRNUMBER = {0124381},
MRREVIEWER = {K. A. Hirsch},
}

@article {gr:drc,
    AUTHOR = {Grothendieck, A.},
     TITLE = {On the de {R}ham cohomology of algebraic varieties},
   JOURNAL = {Inst. Hautes \'Etudes Sci. Publ. Math.},
  FJOURNAL = {Institut des Hautes \'Etudes Scientifiques. Publications
              Math\'ematiques},
    NUMBER = {29},
      YEAR = {1966},
     PAGES = {95--103},
      ISSN = {0073-8301},
   MRCLASS = {14.55 (32.44)},
  MRNUMBER = {0199194 (33 \#7343)},
MRREVIEWER = {M. F. Atiyah},
}

@book {iv:hg,
    AUTHOR = {Iversen, Birger},
     TITLE = {Hyperbolic geometry},
    SERIES = {London Mathematical Society Student Texts},
    VOLUME = {25},
 PUBLISHER = {Cambridge University Press, Cambridge},
      YEAR = {1992},
     PAGES = {xiv+298},
      ISBN = {0-521-43508-0; 0-521-43528-5},
   MRCLASS = {51M10 (30F45 51-01)},
  MRNUMBER = {1205776},
MRREVIEWER = {Robert R. Miner},
       DOI = {10.1017/CBO9780511569333},
       URL = {http://dx.doi.org/10.1017/CBO9780511569333},
}

@book {iw:tca,
    AUTHOR = {Iwaniec, Henryk},
     TITLE = {Topics in classical automorphic forms},
    SERIES = {Graduate Studies in Mathematics},
    VOLUME = {17},
 PUBLISHER = {American Mathematical Society, Providence, RI},
      YEAR = {1997},
     PAGES = {xii+259},
      ISBN = {0-8218-0777-3},
   MRCLASS = {11Fxx (11-02)},
  MRNUMBER = {1474964},
MRREVIEWER = {B. Ramakrishnan},
       DOI = {10.1090/gsm/017},
       URL = {http://dx.doi.org/10.1090/gsm/017},
}

@article{jost:gtci,
   author = "Andr\'{e} Joyal and Ross Street",
   journal = "Advances in Mathematics",
   pages = {55-112},
   title = "The Geometry of Tensor Calculus, {I}",
   volume = "88",
   year = "1991"
}

@article{kadawe:aen,
 author = {Kahaner, David K. and Wells, Mark B.},
 title = {An Experimental Algorithm for N-Dimensional Adaptive Quadrature},
 journal = {ACM Trans. Math. Softw.},
 issue_date = {March 1979},
 volume = {5},
 number = {1},
 month = mar,
 year = {1979},
 issn = {0098-3500},
 pages = {86--96},
 numpages = {11},
 url = {http://doi.acm.org/10.1145/355815.355821},
 doi = {10.1145/355815.355821},
 acmid = {355821},
 publisher = {ACM},
 address = {New York, NY, USA},
} 

@inproceedings{labese:sbc,
 author = {Langer, Torsten and Belyaev, Alexander and Seidel, Hans-Peter},
 title = {Spherical barycentric coordinates},
 booktitle = {Proceedings of the fourth Eurographics symposium on Geometry processing},
 series = {SGP '06},
 year = {2006},
 isbn = {3-905673-36-3},
 location = {Cagliari, Sardinia, Italy},
 pages = {81--88},
 numpages = {8},
 url = {http://dl.acm.org/citation.cfm?id=1281957.1281968},
 acmid = {1281968},
 publisher = {Eurographics Association},
 address = {Aire-la-Ville, Switzerland, Switzerland},
} 

@book {lysc:cgt,
    AUTHOR = {Lyndon, Roger C. and Schupp, Paul E.},
     TITLE = {Combinatorial group theory},
    SERIES = {Classics in Mathematics},
      NOTE = {Reprint of the 1977 edition},
 PUBLISHER = {Springer-Verlag, Berlin},
      YEAR = {2001},
     PAGES = {xiv+339},
      ISBN = {3-540-41158-5},
   MRCLASS = {20Fxx (20Exx 57M07)},
  MRNUMBER = {1812024},
}

@article {qu:pmp,
    AUTHOR = {Quillen, Daniel},
     TITLE = {Projective modules over polynomial rings},
   JOURNAL = {Invent. Math.},
  FJOURNAL = {Inventiones Mathematicae},
    VOLUME = {36},
      YEAR = {1976},
     PAGES = {167--171},
      ISSN = {0020-9910},
   MRCLASS = {13C10},
  MRNUMBER = {0427303 (55 \#337)},
MRREVIEWER = {Daniel Lazard},
}

@book {scya:ldg,
    AUTHOR = {Schoen, R. and Yau, S.-T.},
     TITLE = {Lectures on differential geometry},
    SERIES = {Conference Proceedings and Lecture Notes in Geometry and
              Topology, I},
      NOTE = {Lecture notes prepared by Wei Yue Ding, Kung Ching Chang [Gong
              Qing Zhang], Jia Qing Zhong and Yi Chao Xu,
              Translated from the Chinese by Ding and S. Y. Cheng,
              Preface translated from the Chinese by Kaising Tso},
 PUBLISHER = {International Press, Cambridge, MA},
      YEAR = {1994},
     PAGES = {v+235},
      ISBN = {1-57146-012-8},
   MRCLASS = {53-01 (53-02 53C21 58G30)},
  MRNUMBER = {1333601},
MRREVIEWER = {Man Chun Leung},
}

@book {se:lrf,
   AUTHOR = {Serre, Jean-Pierre},
    TITLE = {Linear representations of finite groups},
     NOTE = {Translated from the second French edition by Leonard L. Scott,
             Graduate Texts in Mathematics, Vol. 42},
PUBLISHER = {Springer-Verlag},
  ADDRESS = {New York},
     YEAR = {1977},
    PAGES = {x+170},
     ISBN = {0-387-90190-6},
}

@article {su:pmp,
    AUTHOR = {Suslin, A. A.},
     TITLE = {Projective modules over polynomial rings are free},
   JOURNAL = {Dokl. Akad. Nauk SSSR},
  FJOURNAL = {Doklady Akademii Nauk SSSR},
    VOLUME = {229},
      YEAR = {1976},
    NUMBER = {5},
     PAGES = {1063--1066},
      ISSN = {0002-3264},
   MRCLASS = {13C10 (13F20 14F05)},
  MRNUMBER = {0469905 (57 \#9685)},
MRREVIEWER = {H. Bass},
}

@article{waxi:sqr,
title = "Symmetric quadrature rules on a triangle ",
journal = "Computers \& Mathematics with Applications ",
volume = "45",
number = "12",
pages = "1829 - 1840",
year = "2003",
note = "",
issn = "0898-1221",
doi = "http://dx.doi.org/10.1016/S0898-1221(03)90004-6",
url = "http://www.sciencedirect.com/science/article/pii/S0898122103900046",
author = "S. Wandzurat and H. Xiao",
keywords = "Symmetric quadrature",
keywords = "Triangle",
keywords = "Gaussian quadrature "
}

@book {wo:scc,
    AUTHOR = {Wolf, Joseph A.},
     TITLE = {Spaces of constant curvature},
   EDITION = {Sixth},
 PUBLISHER = {AMS Chelsea Publishing, Providence, RI},
      YEAR = {2011},
     PAGES = {xviii+424},
      ISBN = {978-0-8218-5282-8},
   MRCLASS = {53-02 (53C30)},
  MRNUMBER = {2742530 (2011j:53001)},
}

@article{xigi:nac,
title = "A numerical algorithm for the construction of efficient quadrature rules in two and higher dimensions ",
journal = "Computers \& Mathematics with Applications ",
volume = "59",
number = "2",
pages = "663 - 676",
year = "2010",
note = "",
issn = "0898-1221",
doi = "http://dx.doi.org/10.1016/j.camwa.2009.10.027",
url = "http://www.sciencedirect.com/science/article/pii/S0898122109007263",
author = "Hong Xiao and Zydrunas Gimbutas",
keywords = "Multivariate integration",
keywords = "Gaussian quadrature",
keywords = "Triangle",
keywords = "Square",
keywords = "Cube",
keywords = "Point elimination method",
keywords = "Least squares Newton’s method "
}



